<record><leader>00000nas a2200000 i 4500</leader><controlfield tag="001">951750421</controlfield><controlfield tag="006">m     o  d        </controlfield><controlfield tag="007">cr |||||||||||</controlfield><controlfield tag="008">160615d18921917sduwr neo     0   a0eng  </controlfield><datafield ind1=" " ind2=" " tag="010"><subfield code="a">  2016271118</subfield></datafield><datafield ind1=" " ind2=" " tag="040"><subfield code="a">DLC</subfield><subfield code="b">eng</subfield><subfield code="e">rda</subfield><subfield code="c">DLC</subfield></datafield><datafield ind1="0" ind2=" " tag="022"><subfield code="a">2473-0408</subfield><subfield code="2">1</subfield></datafield><datafield ind1=" " ind2=" " tag="042"><subfield code="a">pcc</subfield><subfield code="a">nsdp</subfield></datafield><datafield ind1=" " ind2=" " tag="043"><subfield code="a">n-us-sd</subfield></datafield><datafield ind1="1" ind2="0" tag="050"><subfield code="a">ISSN RECORD</subfield></datafield><datafield ind1="1" ind2="0" tag="082"><subfield code="a">071</subfield><subfield code="2">23</subfield></datafield><datafield ind1="0" ind2=" " tag="130"><subfield code="a">Hot Springs weekly star (Hot Springs, S.D. : 1892)</subfield></datafield><datafield ind1=" " ind2="0" tag="222"><subfield code="a">Hot Springs weekly star</subfield><subfield code="b">(Hot Springs, S.D. 1892. Online)</subfield></datafield><datafield ind1="1" ind2="0" tag="245"><subfield code="a">Hot Springs weekly star.</subfield></datafield><datafield ind1=" " ind2="1" tag="264"><subfield code="a">Hot Springs, South Dakota :</subfield><subfield code="b">John A. Stanley,</subfield><subfield code="c">1892-</subfield></datafield><datafield ind1=" " ind2=" " tag="300"><subfield code="a">1 online resource</subfield></datafield><datafield ind1=" " ind2=" " tag="310"><subfield code="a">Weekly</subfield></datafield><datafield ind1=" " ind2=" " tag="336"><subfield code="a">text</subfield><subfield code="b">txt</subfield><subfield code="2">rdacontent</subfield></datafield><datafield ind1=" " ind2=" " tag="337"><subfield code="a">computer</subfield><subfield code="b">c</subfield><subfield code="2">rdamedia</subfield></datafield><datafield ind1=" " ind2=" " tag="338"><subfield code="a">online resource</subfield><subfield code="b">cr</subfield><subfield code="2">rdacarrier</subfield></datafield><datafield ind1="1" ind2=" " tag="362"><subfield code="a">Began with vol. 6, no. 43 (February 26, 1892); ceased with volume 36, no. 30 (November 9th, 1917).</subfield></datafield><datafield ind1=" " ind2=" " tag="500"><subfield code="a">Publisher: W. A. Warner, &lt;July 6&gt;-November 9, 1917.</subfield></datafield><datafield ind1=" " ind2=" " tag="515"><subfield code="a">Vol. numbers irregular.</subfield></datafield><datafield ind1=" " ind2=" " tag="530"><subfield code="a">Available on microfilm from: State Archives, South Dakota State Historical Society.</subfield></datafield><datafield ind1=" " ind2=" " tag="580"><subfield code="a">Other eds. available: Daily star (Hot Springs, S.D.), &lt;1893&gt;-1894, and: Hot Springs daily star, 1894, and: Hot Springs star (Hot Springs, S.D. : 1895), 1895.</subfield></datafield><datafield ind1=" " ind2=" " tag="588"><subfield code="a">Description based on: Vol. 6, no. 43 (February 26, 1892); title from masthead (Chroniclingamerica.loc.gov, viewed June 15, 2016).</subfield></datafield><datafield ind1=" " ind2=" " tag="588"><subfield code="a">Latest issue consulted: Volume 36, no. 30 (November 9th, 1917) (Chroniclingamerica.loc.gov, viewed June 15, 2016).</subfield></datafield><datafield ind1=" " ind2="0" tag="651"><subfield code="a">Hot Springs (S.D.)</subfield><subfield code="v">Newspapers.</subfield></datafield><datafield ind1=" " ind2="0" tag="651"><subfield code="a">Fall River County (S.D.)</subfield><subfield code="v">Newspapers.</subfield></datafield><datafield ind1=" " ind2="7" tag="651"><subfield code="a">South Dakota</subfield><subfield code="z">Fall River County.</subfield><subfield code="2">fast</subfield><subfield code="0">(OCoLC)fst01215571</subfield></datafield><datafield ind1=" " ind2="7" tag="651"><subfield code="a">South Dakota</subfield><subfield code="z">Hot Springs.</subfield><subfield code="2">fast</subfield><subfield code="0">(OCoLC)fst01226119</subfield></datafield><datafield ind1=" " ind2="7" tag="655"><subfield code="a">Newspapers.</subfield><subfield code="2">fast</subfield><subfield code="0">(OCoLC)fst01423814</subfield></datafield><datafield ind1=" " ind2=" " tag="752"><subfield code="a">United States</subfield><subfield code="b">South Dakota</subfield><subfield code="c">Fall River</subfield><subfield code="d">Hot Springs.</subfield></datafield><datafield ind1="1" ind2=" " tag="775"><subfield code="t">Daily star (Hot Springs, S.D.)</subfield></datafield><datafield ind1="1" ind2=" " tag="775"><subfield code="t">Hot Springs daily star</subfield></datafield><datafield ind1="1" ind2=" " tag="775"><subfield code="t">Hot Springs star (Hot Springs, S.D. : 1895)</subfield></datafield><datafield ind1="0" ind2="8" tag="776"><subfield code="i">Originally issued in print:</subfield><subfield code="t">Hot Springs weekly star (Hot Springs, S.D. : 1892)</subfield><subfield code="x">2473-0394</subfield><subfield code="w">(DLC)sn 96090259</subfield><subfield code="w">(OCoLC)35753062</subfield></datafield><datafield ind1="0" ind2="0" tag="780"><subfield code="t">Hot Springs star (Hot Springs, S.D. : 1886)</subfield></datafield><datafield ind1="0" ind2="0" tag="785"><subfield code="t">Hot Springs star (Hot Springs, S.D. : 1917)</subfield></datafield><datafield ind1="4" ind2="0" tag="856"><subfield code="u">http://www.loc.gov/chroniclingamerica/lccn/sn96090259/issues</subfield></datafield></record>